<?xml version="1.0" encoding="UTF-8"?><collection xmlns="http://www.loc.gov/MARC21/slim"><record><leader>00342nam--2200133-i-4500</leader><controlfield tag="001">000011164</controlfield><controlfield tag="002">20161230</controlfield><controlfield tag="005">20161230201029</controlfield><controlfield tag="008">060222s1000------------r-----000-0-eng-d</controlfield><datafield ind1=" " ind2=" " tag="080"><subfield code="a">541:681.3.06</subfield></datafield><datafield ind1=" " ind2=" " tag="245"><subfield code="a">Computer programs for chemistry</subfield></datafield><datafield ind1=" " ind2=" " tag="260"><subfield code="a">New York, W.A.Benjamin, Inc., 1968 Xxi + 285 P</subfield></datafield><datafield ind1=" " ind2=" " tag="700"><subfield code="a">Delos F. Detar</subfield></datafield><datafield ind1=" " ind2=" " tag="852"><subfield code="a">30922</subfield></datafield></record></collection>